<?xml version="1.0" encoding="UTF-8"?>
<OAI-PMH xmlns="http://www.openarchives.org/OAI/2.0/" xmlns:xsi="http://www.w3.org/2001/XMLSchema-instance" xsi:schemaLocation="http://www.openarchives.org/OAI/2.0/ http://www.openarchives.org/OAI/2.0/OAI-PMH.xsd">
  <ListRecords>
    <record>
      <header>
        <identifier>aleph-publish:000972511</identifier>
      </header>
      <metadata>
        <record xmlns="http://www.ddb.de/professionell/mabxml/mabxml-1.xsd">
          <leader>00827pM2.01200024------h</leader>
          <controlfield tag="LDR">00827pM2.01200024------h</controlfield>
          <controlfield tag="FMT">MH</controlfield>
          <datafield tag="001" ind1="-" ind2="1">
            <subfield code="a">HT015229817</subfield>
          </datafield>
          <datafield tag="002" ind1="b" ind2="1">
            <subfield code="a">20070724</subfield>
          </datafield>
          <datafield tag="003" ind1="-" ind2="1">
            <subfield code="a">20080417</subfield>
          </datafield>
          <datafield tag="026" ind1="-" ind2="1">
            <subfield code="a">DNB98439639X</subfield>
          </datafield>
          <controlfield tag="030">a|1daz|z|||17</controlfield>
          <datafield tag="036" ind1="a" ind2="1">
            <subfield code="a">XA-DE-BW</subfield>
          </datafield>
          <datafield tag="037" ind1="b" ind2="1">
            <subfield code="a">ger</subfield>
          </datafield>
          <controlfield tag="050">a|a|||||||||||</controlfield>
          <controlfield tag="051">sy||z|||</controlfield>
          <datafield tag="070" ind1="-" ind2="1">
            <subfield code="a">6</subfield>
          </datafield>
          <datafield tag="070" ind1="a" ind2="1">
            <subfield code="a">DNB</subfield>
          </datafield>
          <datafield tag="070" ind1="b" ind2="1">
            <subfield code="a">294</subfield>
          </datafield>
          <datafield tag="080" ind1="-" ind2="1">
            <subfield code="a">60</subfield>
          </datafield>
          <datafield tag="100" ind1="-" ind2="1">
            <subfield code="p">Reck, Alexander</subfield>
            <subfield code="d">1974-</subfield>
            <subfield code="9">(DE-588)12904251X</subfield>
          </datafield>
          <datafield tag="331" ind1="-" ind2="1">
            <subfield code="a">Friedrich Theodor Vischer - Parodien auf Goethes "Faust"</subfield>
          </datafield>
          <datafield tag="359" ind1="-" ind2="1">
            <subfield code="a">Alexander Reck</subfield>
          </datafield>
          <datafield tag="410" ind1="-" ind2="1">
            <subfield code="a">Heidelberg</subfield>
          </datafield>
          <datafield tag="412" ind1="-" ind2="1">
            <subfield code="a">Winter</subfield>
          </datafield>
          <datafield tag="425" ind1="a" ind2="1">
            <subfield code="a">2007</subfield>
          </datafield>
          <datafield tag="433" ind1="-" ind2="1">
            <subfield code="a">386 S. : Ill.</subfield>
          </datafield>
          <datafield tag="451" ind1="-" ind2="1">
            <subfield code="a">Beihefte zum Euphorion ; 53</subfield>
          </datafield>
          <datafield tag="453" ind1="-" ind2="1">
            <subfield code="a">HT001248085</subfield>
          </datafield>
          <datafield tag="455" ind1="-" ind2="1">
            <subfield code="a">53</subfield>
          </datafield>
          <datafield tag="456" ind1="-" ind2="1">
            <subfield code="a">53</subfield>
          </datafield>
          <datafield tag="519" ind1="-" ind2="1">
            <subfield code="p">Zugl.</subfield>
            <subfield code="a">Stuttgart, Univ., Diss., 2005</subfield>
          </datafield>
          <datafield tag="540" ind1="a" ind2="1">
            <subfield code="a">978-3-8253-5236-3</subfield>
            <subfield code="b">Pp. : EUR 68.00</subfield>
          </datafield>
          <datafield tag="540" ind1="a" ind2="1">
            <subfield code="a">3-8253-5236-6</subfield>
          </datafield>
          <datafield tag="574" ind1="-" ind2="1">
            <subfield code="a">07,N26,1871</subfield>
          </datafield>
          <datafield tag="673" ind1="c" ind2="1">
            <subfield code="a">Stuttgart</subfield>
            <subfield code="9">2027583-3</subfield>
          </datafield>
          <datafield tag="700" ind1="-" ind2="1">
            <subfield code="a">830</subfield>
          </datafield>
          <datafield tag="700" ind1="g" ind2="1">
            <subfield code="a">GL 9663</subfield>
          </datafield>
          <datafield tag="700" ind1="g" ind2="1">
            <subfield code="a">GK 4370</subfield>
          </datafield>
          <datafield tag="700" ind1="g" ind2="1">
            <subfield code="a">GK 4581</subfield>
          </datafield>
          <datafield tag="902" ind1="-" ind2="1">
            <subfield code="p">Vischer, Friedrich Theodor &lt;&lt;von&gt;&gt;</subfield>
            <subfield code="d">1807-1887</subfield>
            <subfield code="t">Faust</subfield>
            <subfield code="9">(DE-588)4691904-1</subfield>
          </datafield>
          <datafield tag="907" ind1="-" ind2="1">
            <subfield code="p">Goethe, Johann Wolfgang &lt;&lt;von&gt;&gt;</subfield>
            <subfield code="d">1749-1832</subfield>
            <subfield code="t">Faust</subfield>
            <subfield code="9">(DE-588)4128140-8</subfield>
          </datafield>
          <datafield tag="907" ind1="-" ind2="1">
            <subfield code="p">Vischer, Friedrich Theodor &lt;&lt;von&gt;&gt;</subfield>
            <subfield code="d">1807-1887</subfield>
            <subfield code="9">(DE-588)11862721X</subfield>
          </datafield>
          <datafield tag="907" ind1="-" ind2="1">
            <subfield code="s">Parodie</subfield>
            <subfield code="9">(DE-588)4044719-4</subfield>
          </datafield>
          <datafield tag="908" ind1="-" ind2="1">
            <subfield code="a">231</subfield>
            <subfield code="a">321</subfield>
          </datafield>
          <controlfield tag="SYS">000972511</controlfield>
          <datafield tag="PSW" ind1="-" ind2="1">
            <subfield code="p">Vischer, Friedr. Theod.</subfield>
            <subfield code="d">1807-1887</subfield>
            <subfield code="9">(DE-588)11862721X</subfield>
          </datafield>
          <datafield tag="PSW" ind1="-" ind2="1">
            <subfield code="p">Vischer, Friedrich Theodor</subfield>
            <subfield code="d">1807-1887</subfield>
            <subfield code="9">(DE-588)11862721X</subfield>
          </datafield>
          <datafield tag="PSW" ind1="-" ind2="1">
            <subfield code="p">Vischer, Friederich Theodor</subfield>
            <subfield code="d">1807-1887</subfield>
            <subfield code="9">(DE-588)11862721X</subfield>
          </datafield>
          <datafield tag="PSW" ind1="-" ind2="1">
            <subfield code="p">Vischer, Friedrich</subfield>
            <subfield code="d">1807-1887</subfield>
            <subfield code="9">(DE-588)11862721X</subfield>
          </datafield>
          <datafield tag="PSW" ind1="-" ind2="1">
            <subfield code="p">Vischer, Fr.</subfield>
            <subfield code="d">1807-1887</subfield>
            <subfield code="9">(DE-588)11862721X</subfield>
          </datafield>
          <datafield tag="PSW" ind1="-" ind2="1">
            <subfield code="p">Mystifizinsky, Deutobold Symbolizetti</subfield>
            <subfield code="d">1807-1887</subfield>
            <subfield code="9">(DE-588)11862721X</subfield>
          </datafield>
          <datafield tag="PSW" ind1="-" ind2="1">
            <subfield code="p">Mystifizinsky, Deutobold Symbolizetti Allegoriowitsch</subfield>
            <subfield code="d">1807-1887</subfield>
            <subfield code="9">(DE-588)11862721X</subfield>
          </datafield>
          <datafield tag="PSW" ind1="-" ind2="1">
            <subfield code="p">Mystifizinsky, Deutobold Symbolizetti Alegoriowitsch</subfield>
            <subfield code="d">1807-1887</subfield>
            <subfield code="9">(DE-588)11862721X</subfield>
          </datafield>
          <datafield tag="PSW" ind1="-" ind2="1">
            <subfield code="p">Mystifizinsky, Deutobald Symbolizetti Alegoriowitsch</subfield>
            <subfield code="d">1807-1887</subfield>
            <subfield code="9">(DE-588)11862721X</subfield>
          </datafield>
          <datafield tag="PSW" ind1="-" ind2="1">
            <subfield code="p">Mystifizinsky, Symbolizetti Allegoriowitsch</subfield>
            <subfield code="d">1807-1887</subfield>
            <subfield code="9">(DE-588)11862721X</subfield>
          </datafield>
          <datafield tag="PSW" ind1="-" ind2="1">
            <subfield code="p">Schartenmayer, Philipp Ulrich</subfield>
            <subfield code="d">1807-1887</subfield>
            <subfield code="9">(DE-588)11862721X</subfield>
          </datafield>
          <datafield tag="PSW" ind1="-" ind2="1">
            <subfield code="p">Schartenmaier</subfield>
            <subfield code="d">1807-1887</subfield>
            <subfield code="9">(DE-588)11862721X</subfield>
          </datafield>
          <datafield tag="PSW" ind1="-" ind2="1">
            <subfield code="p">Schartenmayer, Philipp U.</subfield>
            <subfield code="d">1807-1887</subfield>
            <subfield code="9">(DE-588)11862721X</subfield>
          </datafield>
          <datafield tag="PSW" ind1="-" ind2="1">
            <subfield code="p">Schartenmaier, Philipp U.</subfield>
            <subfield code="d">1807-1887</subfield>
            <subfield code="9">(DE-588)11862721X</subfield>
          </datafield>
          <datafield tag="PSW" ind1="-" ind2="1">
            <subfield code="p">Schartenmeyer, Philipp U.</subfield>
            <subfield code="d">1807-1887</subfield>
            <subfield code="9">(DE-588)11862721X</subfield>
          </datafield>
          <datafield tag="PSW" ind1="-" ind2="1">
            <subfield code="p">Schartenmeyer, Philipp Ulrich</subfield>
            <subfield code="d">1807-1887</subfield>
            <subfield code="9">(DE-588)11862721X</subfield>
          </datafield>
          <datafield tag="PSW" ind1="-" ind2="1">
            <subfield code="p">Vischer, Friederich T.</subfield>
            <subfield code="d">1807-1887</subfield>
            <subfield code="9">(DE-588)11862721X</subfield>
          </datafield>
          <datafield tag="PSW" ind1="-" ind2="1">
            <subfield code="p">Vischer, F.</subfield>
            <subfield code="d">1807-1887</subfield>
            <subfield code="9">(DE-588)11862721X</subfield>
          </datafield>
          <datafield tag="PSW" ind1="-" ind2="1">
            <subfield code="p">Vischer, F. Th.</subfield>
            <subfield code="d">1807-1887</subfield>
            <subfield code="9">(DE-588)11862721X</subfield>
          </datafield>
          <datafield tag="PSW" ind1="-" ind2="1">
            <subfield code="p">Vischer, F. Theod.</subfield>
            <subfield code="d">1807-1887</subfield>
            <subfield code="9">(DE-588)11862721X</subfield>
          </datafield>
          <datafield tag="PSW" ind1="-" ind2="1">
            <subfield code="p">Vischer, Friedericus Theodorus</subfield>
            <subfield code="d">1807-1887</subfield>
            <subfield code="9">(DE-588)11862721X</subfield>
          </datafield>
          <datafield tag="PSW" ind1="-" ind2="1">
            <subfield code="p">Vischer, Fridericus Theodorus</subfield>
            <subfield code="d">1807-1887</subfield>
            <subfield code="9">(DE-588)11862721X</subfield>
          </datafield>
          <datafield tag="PSW" ind1="-" ind2="1">
            <subfield code="p">Allegoriowitsch</subfield>
            <subfield code="d">1807-1887</subfield>
            <subfield code="9">(DE-588)11862721X</subfield>
          </datafield>
          <datafield tag="PSW" ind1="-" ind2="1">
            <subfield code="p">Vischer, Friedr. Theod.</subfield>
            <subfield code="d">1807-1887</subfield>
            <subfield code="9">(DE-588)11862721X</subfield>
          </datafield>
          <datafield tag="PSW" ind1="-" ind2="1">
            <subfield code="p">Vischer, Friedrich Theodor</subfield>
            <subfield code="d">1807-1887</subfield>
            <subfield code="9">(DE-588)11862721X</subfield>
          </datafield>
          <datafield tag="PSW" ind1="-" ind2="1">
            <subfield code="p">Vischer, Friederich Theodor</subfield>
            <subfield code="d">1807-1887</subfield>
            <subfield code="9">(DE-588)11862721X</subfield>
          </datafield>
          <datafield tag="PSW" ind1="-" ind2="1">
            <subfield code="p">Vischer, Friedrich</subfield>
            <subfield code="d">1807-1887</subfield>
            <subfield code="9">(DE-588)11862721X</subfield>
          </datafield>
          <datafield tag="PSW" ind1="-" ind2="1">
            <subfield code="p">Vischer, Fr.</subfield>
            <subfield code="d">1807-1887</subfield>
            <subfield code="9">(DE-588)11862721X</subfield>
          </datafield>
          <datafield tag="PSW" ind1="-" ind2="1">
            <subfield code="p">Mystifizinsky, Deutobold Symbolizetti</subfield>
            <subfield code="d">1807-1887</subfield>
            <subfield code="9">(DE-588)11862721X</subfield>
          </datafield>
          <datafield tag="PSW" ind1="-" ind2="1">
            <subfield code="p">Mystifizinsky, Deutobold Symbolizetti Allegoriowitsch</subfield>
            <subfield code="d">1807-1887</subfield>
            <subfield code="9">(DE-588)11862721X</subfield>
          </datafield>
          <datafield tag="PSW" ind1="-" ind2="1">
            <subfield code="p">Mystifizinsky, Deutobold Symbolizetti Alegoriowitsch</subfield>
            <subfield code="d">1807-1887</subfield>
            <subfield code="9">(DE-588)11862721X</subfield>
          </datafield>
          <datafield tag="PSW" ind1="-" ind2="1">
            <subfield code="p">Mystifizinsky, Deutobald Symbolizetti Alegoriowitsch</subfield>
            <subfield code="d">1807-1887</subfield>
            <subfield code="9">(DE-588)11862721X</subfield>
          </datafield>
          <datafield tag="PSW" ind1="-" ind2="1">
            <subfield code="p">Mystifizinsky, Symbolizetti Allegoriowitsch</subfield>
            <subfield code="d">1807-1887</subfield>
            <subfield code="9">(DE-588)11862721X</subfield>
          </datafield>
          <datafield tag="PSW" ind1="-" ind2="1">
            <subfield code="p">Schartenmayer, Philipp Ulrich</subfield>
            <subfield code="d">1807-1887</subfield>
            <subfield code="9">(DE-588)11862721X</subfield>
          </datafield>
          <datafield tag="PSW" ind1="-" ind2="1">
            <subfield code="p">Schartenmaier</subfield>
            <subfield code="d">1807-1887</subfield>
            <subfield code="9">(DE-588)11862721X</subfield>
          </datafield>
          <datafield tag="PSW" ind1="-" ind2="1">
            <subfield code="p">Schartenmayer, Philipp U.</subfield>
            <subfield code="d">1807-1887</subfield>
            <subfield code="9">(DE-588)11862721X</subfield>
          </datafield>
          <datafield tag="PSW" ind1="-" ind2="1">
            <subfield code="p">Schartenmaier, Philipp U.</subfield>
            <subfield code="d">1807-1887</subfield>
            <subfield code="9">(DE-588)11862721X</subfield>
          </datafield>
          <datafield tag="PSW" ind1="-" ind2="1">
            <subfield code="p">Schartenmeyer, Philipp U.</subfield>
            <subfield code="d">1807-1887</subfield>
            <subfield code="9">(DE-588)11862721X</subfield>
          </datafield>
          <datafield tag="PSW" ind1="-" ind2="1">
            <subfield code="p">Schartenmeyer, Philipp Ulrich</subfield>
            <subfield code="d">1807-1887</subfield>
            <subfield code="9">(DE-588)11862721X</subfield>
          </datafield>
          <datafield tag="PSW" ind1="-" ind2="1">
            <subfield code="p">Vischer, Friederich T.</subfield>
            <subfield code="d">1807-1887</subfield>
            <subfield code="9">(DE-588)11862721X</subfield>
          </datafield>
          <datafield tag="PSW" ind1="-" ind2="1">
            <subfield code="p">Vischer, F.</subfield>
            <subfield code="d">1807-1887</subfield>
            <subfield code="9">(DE-588)11862721X</subfield>
          </datafield>
          <datafield tag="PSW" ind1="-" ind2="1">
            <subfield code="p">Vischer, F. Th.</subfield>
            <subfield code="d">1807-1887</subfield>
            <subfield code="9">(DE-588)11862721X</subfield>
          </datafield>
          <datafield tag="PSW" ind1="-" ind2="1">
            <subfield code="p">Vischer, F. Theod.</subfield>
            <subfield code="d">1807-1887</subfield>
            <subfield code="9">(DE-588)11862721X</subfield>
          </datafield>
          <datafield tag="PSW" ind1="-" ind2="1">
            <subfield code="p">Vischer, Friedericus Theodorus</subfield>
            <subfield code="d">1807-1887</subfield>
            <subfield code="9">(DE-588)11862721X</subfield>
          </datafield>
          <datafield tag="PSW" ind1="-" ind2="1">
            <subfield code="p">Vischer, Fridericus Theodorus</subfield>
            <subfield code="d">1807-1887</subfield>
            <subfield code="9">(DE-588)11862721X</subfield>
          </datafield>
          <datafield tag="PSW" ind1="-" ind2="1">
            <subfield code="p">Allegoriowitsch</subfield>
            <subfield code="d">1807-1887</subfield>
            <subfield code="9">(DE-588)11862721X</subfield>
          </datafield>
          <datafield tag="700" ind1=" " ind2=" ">
            <subfield code="a">CMY</subfield>
          </datafield>
          <datafield tag="OWN" ind1=" " ind2=" ">
            <subfield code="a">P0001</subfield>
            <subfield code="n">466 - Paderborn: UB</subfield>
          </datafield>
          <datafield tag="655" ind1=" " ind2=" ">
            <subfield code="y">Friedrich Theodor Vischer - Parodien auf Goethes "Faust"</subfield>
            <subfield code="t">VIEW</subfield>
            <subfield code="u">http://digitool.hbz-nrw.de:1801/webclient/DeliveryManager?application=DIGITOOL-3&amp;owner=resourcediscovery&amp;custom_att_2=simple_viewer&amp;user=GUEST&amp;pid=2133077</subfield>
          </datafield>
          <datafield tag="TXT" ind1=" " ind2=" ">
            <subfield code="a">OCR-TEXT: INHALT EINLEITUNG 1 ZUM STAND DER FORSCHUNG 5 ZUM VERSTNDNIS DER PARODIE IM 19. JAHRHUNDERT UND BEI FRIEDRICH THEODOR VISCHER 13 DIE PARODIE IM 19. JAHRHUNDERT 15 VISCHERS VERSTNDNIS DER PARODIE 21 FRIEDRICH THEODOR VISCHERS PARODIEN AUF GOETHES FAUST 33 1) VISCHERS ERSTE FAUST-PARODIE: CHRISTIANS SCHMERZ UND SEINE HEILUNG ODER: DIE AUERORDENTLICHSTE LEISTUNG DER NEUEREN LOGIK. EIN SEHR GUTES FRAGMENT AUS DEN PAPIEREN EINES DENKERS 41 ZEITGESCHICHTLICHER HINTERGRUND UND ENTSTEHUNG 43 ANALYSE 57 2) ZUR FORTSETZUNG DES FAUST. EINE POSSE 79 3) FAUST. DER TRAGDIE DRITTER TEIL. TREU IM GEISTE DES ZWEITEN TEILS DES GOETHESCHEN FAUST GEDICHTET VON DEUTOBOLD SYMBOLIZETTI AUEGORIOWITSCH MYSTIFIZINSKY 85 DICHTUNG ALS SPIEL BEI FRIEDRICH THEODOR VISCHER - UND EDUARD MRIKE 101 DIE FASSUNGEN VON 1862 UND 1886 118 KRITIK AN GOETHES FAUST II 131 ZWISCHEN SINNHUBERN UND STOFFHUBERN - AUSEINANDERSETZUNG MIT DER GOETHE-PHILOLOGIE DES 19. JAHRHUNDERTS 137 ZEITGENSSISCHE KRITIK UND POSTHUME REZEPTION 142 FAUST III AUF DER BHNE 156 4) HCHST MERKWRDIGER FUND AUS GOETHES NACHLA: EINFACHERER SCHLU DER TRAGDIE FAUST. MITGETEILT VOM REDLICHEN FINDER 161 ZUSAMMENFASSUNG/SUMMARY 167 QUELLEN UND LITERATUR 175 EDITIONSANHANG 213 FRIEDRICH THEODOR VISCHER: CHRISTIANS SCHMERZ UND SEINE HEILUNG ODER: DIE AUERORDENTLICHSTE LEISTUNG DER NEUEREN LOGIK. EIN SEHR GUTES FRAGMENT AUS DEN PAPIEREN EINES DENKERS 215 KOMMENTAR ZU FRIEDRICH THEODOR VISCHER: CHRISTIANS SCHMERZ UND SEINE HEILUNG 243 BERLIEFERUNG 243 MANUSKRIPTBESCHREIBUNG 243 DATIERUNG 244 TEILEDITION 244 GRUNDSTZE DER VORLIEGENDEN EDITION 245 ABKRZUNGEN UND HINWEISE 245 SEITENKONKORDANZ 246 WORT- UND SACHERKLRUNGEN 247 ABBILDUNGEN AUS DEM MANUSKRIPT VON CHRISTIANS SCHMERZ UND SEINE HEILUNG 263 BRIEFE VON UND AN FRIEDRICH THEODOR VISCHER (1834-1887) 269 VERZEICHNIS DER BRIEFE 269 ZUR EDITION DER BRIEFE 272 QUELLENNACHWEISE ZU DEN BRIEFEN 365 PLAN DES ZWEITEN THEILS [FAUST] NACH VISCHER (AUS EINER VORLESUNG VISCHERS BER GOETHES FAUS</subfield>
          </datafield>
          <datafield tag="TXT" ind1=" " ind2=" ">
            <subfield code="a">IM WS 1856/57 AN DER UNIVERSITT ZRICH) 373 BERSICHT BER FRIEDRICH THEODOR VISCHERS VORLESUNGEN ZU GOETHES FAUST 377 ABBILDUNGEN 381</subfield>
          </datafield>
          <datafield tag="PLK" ind1=" " ind2=" ">
            <subfield code="a">SRU</subfield>
            <subfield code="l">PAD01</subfield>
            <subfield code="b">000210960</subfield>
            <subfield code="m">53.^Friedrich Theodor Vischer - Parodien auf Goethes "Faust".^2007</subfield>
            <subfield code="n">Euphorion &lt;Heidelberg&gt; / Beihefte.^1964</subfield>
          </datafield>
          <datafield tag="LOC" ind1=" " ind2=" ">
            <subfield code="m">BOOK</subfield>
            <subfield code="a">P0001</subfield>
            <subfield code="b">11</subfield>
            <subfield code="d">CMY2228</subfield>
            <subfield code="i">07/9532</subfield>
            <subfield code="n">20</subfield>
            <subfield code="k">20071008</subfield>
            <subfield code="5">991369-10</subfield>
          </datafield>
        </record>
      </metadata>
    </record>
  </ListRecords>
</OAI-PMH>
